%! Author = jkxy
%! Date = 2022/7/26

